<?xml version="1.0" encoding="UTF-8"?><record xmlns="http://www.loc.gov/MARC21/slim" xmlns:cinclude="http://apache.org/cocoon/include/1.0" xmlns:zs="http://www.loc.gov/zing/srw/">
  <leader>00528nz  a2200121n  4500</leader>
  <controlfield tag="001">n  89635860 </controlfield>
  <controlfield tag="003">DLC</controlfield>
  <controlfield tag="005">19890622104741.7</controlfield>
  <controlfield tag="008">890622n| acannaab|          |n and |||  </controlfield>
  <datafield tag="010" ind1=" " ind2=" ">
    <subfield code="a">n  89635860 </subfield>
  </datafield>
  <datafield tag="040" ind1=" " ind2=" ">
    <subfield code="a">DLC</subfield>
    <subfield code="c">DLC</subfield>
  </datafield>
  <datafield tag="110" ind1="2" ind2="0">
    <subfield code="a">Research Program for the Study of the Arts and Aesthetic Education</subfield>
  </datafield>
  <datafield tag="670" ind1=" " ind2=" ">
    <subfield code="a">nuc89-62877: Research in the arts &amp; aesthetic education, 1978</subfield>
    <subfield code="b">(hdg. on MiU rept.: Research Program for the Study of the Arts and Aesthetic Education; usage: Research Program for the Study of the Arts and Aesthetic Education)</subfield>
  </datafield>
</record>